<record><leader>00000cas a22000007a 4500</leader><controlfield tag="001">15073157</controlfield><controlfield tag="008">870115d19191934akudn ne      0    0eng  </controlfield><datafield ind1=" " ind2=" " tag="010"><subfield code="a">sn 87062013 </subfield></datafield><datafield ind1=" " ind2=" " tag="040"><subfield code="a">DLC</subfield><subfield code="b">eng</subfield><subfield code="c">DLC</subfield><subfield code="d">OCLCQ</subfield></datafield><datafield ind1=" " ind2=" " tag="042"><subfield code="a">msc</subfield></datafield><datafield ind1="0" ind2=" " tag="130"><subfield code="a">Nome nugget (Nome, Alaska : 1919)</subfield></datafield><datafield ind1="1" ind2="4" tag="245"><subfield code="a">The Nome nugget.</subfield></datafield><datafield ind1=" " ind2=" " tag="260"><subfield code="a">Nome, Alaska :</subfield><subfield code="b">Nome Pub. Co.</subfield></datafield><datafield ind1=" " ind2=" " tag="300"><subfield code="a">v. :</subfield><subfield code="b">ill. ;</subfield><subfield code="c">54-56 cm.</subfield></datafield><datafield ind1=" " ind2=" " tag="310"><subfield code="a">Daily (except Sunday),</subfield><subfield code="b">June 1, 1934-&lt;Sept. 8, 1934&gt;</subfield></datafield><datafield ind1=" " ind2=" " tag="321"><subfield code="a">Weekly,</subfield><subfield code="b">&lt;Nov. 8, 1919&gt;-May 26, 1934</subfield></datafield><datafield ind1="1" ind2=" " tag="362"><subfield code="a">Began with Nov. 1, 1919 issue.</subfield><subfield code="z">Cf. NIM, U.S., 1948-1983.</subfield></datafield><datafield ind1="1" ind2=" " tag="362"><subfield code="a">Ceased with Sept. 17, 1934 issue.</subfield></datafield><datafield ind1=" " ind2=" " tag="500"><subfield code="a">"Independent." Cf. Ayer, 1934.</subfield></datafield><datafield ind1=" " ind2=" " tag="588"><subfield code="a">Description based on: Vol. 20, no. 35 (Nov. 8, 1919).</subfield></datafield><datafield ind1=" " ind2=" " tag="752"><subfield code="a">United States</subfield><subfield code="b">Alaska</subfield><subfield code="c">Nome</subfield><subfield code="d">Nome.</subfield></datafield><datafield ind1="0" ind2="0" tag="780"><subfield code="t">Nome tri-weekly nugget</subfield><subfield code="w">(DLC)sn 87062012</subfield></datafield><datafield ind1="0" ind2="0" tag="785"><subfield code="t">Nome daily nugget (Nome, Alaska : 1934)</subfield><subfield code="w">(DLC)sn 87062014</subfield></datafield></record>